<record><leader>00000cas a2200000 a 4500</leader><controlfield tag="001">12190416</controlfield><controlfield tag="008">850624d19001909ksuwr ne      0    0eng d</controlfield><datafield ind1=" " ind2=" " tag="010"><subfield code="a">sn 85031503 </subfield></datafield><datafield ind1=" " ind2=" " tag="040"><subfield code="a">KSH</subfield><subfield code="b">eng</subfield><subfield code="c">KSH</subfield><subfield code="d">NPT</subfield><subfield code="d">OCL</subfield><subfield code="d">OCLCQ</subfield></datafield><datafield ind1=" " ind2=" " tag="042"><subfield code="a">msc</subfield></datafield><datafield ind1="0" ind2="4" tag="245"><subfield code="a">The Oswego blade.</subfield></datafield><datafield ind1=" " ind2=" " tag="260"><subfield code="a">Oswego, Kan. :</subfield><subfield code="b">Wm. Cook &amp; Son,</subfield><subfield code="c">1900-1909.</subfield></datafield><datafield ind1=" " ind2=" " tag="300"><subfield code="a">9 v. :</subfield><subfield code="b">ill. ;</subfield><subfield code="c">55 cm.</subfield></datafield><datafield ind1=" " ind2=" " tag="310"><subfield code="a">Weekly</subfield></datafield><datafield ind1="0" ind2=" " tag="362"><subfield code="a">Vol. 21, no. 30 (Mar. 7, 1900)-v. 30, no. 26 (Feb. 4, 1909).</subfield></datafield><datafield ind1=" " ind2=" " tag="500"><subfield code="a">Published by John E. Cook, Apr. 16, 1903-Feb. 4, 1909.</subfield></datafield><datafield ind1=" " ind2=" " tag="752"><subfield code="a">United States</subfield><subfield code="b">Kansas</subfield><subfield code="c">Labette</subfield><subfield code="d">Oswego.</subfield></datafield><datafield ind1="0" ind2="0" tag="780"><subfield code="t">Oswego weekly blade</subfield><subfield code="w">(DLC)sn 85031502</subfield></datafield><datafield ind1="0" ind2="4" tag="785"><subfield code="t">Oswego democrat (Oswego, Kan. : 1899)</subfield><subfield code="w">(DLC)sn 85031469</subfield></datafield></record>